<?xml version="1.0" encoding="UTF-8"?><collection xmlns="http://www.loc.gov/MARC21/slim"><record><leader>00407nam--2200145-i-4500</leader><controlfield tag="001">000036300</controlfield><controlfield tag="002">20161230</controlfield><controlfield tag="005">20161230201040</controlfield><controlfield tag="008">060222s1000------------r-----000-0-eng-d</controlfield><datafield ind1=" " ind2=" " tag="080"><subfield code="a">530.145.61</subfield></datafield><datafield ind1=" " ind2=" " tag="245"><subfield code="a">Theory of solitions. the inverse scattering method</subfield></datafield><datafield ind1=" " ind2=" " tag="260"><subfield code="a">New York, Consultants Bureau, 1984, Xi + 276p</subfield></datafield><datafield ind1=" " ind2=" " tag="490"><subfield code="a">Contemporary Soviet Mathematics</subfield></datafield><datafield ind1=" " ind2=" " tag="700"><subfield code="a">Novikov, S./S.A</subfield></datafield><datafield ind1=" " ind2=" " tag="852"><subfield code="a">73901</subfield></datafield></record></collection>